@inproceedings{karpathy2015deep,
  title={Deep visual-semantic alignments for generating image descriptions},
  author={Karpathy, Andrej and Fei-Fei, Li},
  booktitle={Proceedings of the IEEE Conference on Computer Vision and Pattern Recognition},
  pages={3128--3137},
  year={2015}
}

@article{liu2014recursive,
  title={A recursive recurrent neural network for statistical machine translation},
  author={Liu, Shujie and Yang, Nan and Li, Mu and Zhou, Ming},
  year={2014}
}

@article{lu2016collaborative,
  title={Collaborative Evolution for User Profiling in Recommender Systems},
  author={Lu, Zhongqi and Pan, Sinno Jialin and Li, Yong and Jiang, Jie and Yang, Qiang},
  journal={IJCAI, New York City, USA},
  pages={1},
  year={2016}
}